

@Article{Bakar2015,
    title = {{spTimer}: Spatio-Temporal Bayesian Modeling Using {R}},
    author = {Khandoker Shuvo Bakar and Sujit K. Sahu},
    journal = {Journal of Statistical Software},
    year = {2015},
    volume = {63},
    number = {15},
    pages = {1--32},
    url = {http://www.jstatsoft.org/v63/i15},
  }
