@manual{R-base,
title = {R: A Language and Environment for Statistical Computing},
author = {{R Core Team}},
organization = {R Foundation for Statistical Computing},
address = {Vienna, Austria},
year = {2022},
url = {https://www.R-project.org/},
}

@article{Besag1991,
  AUTHOR =       {Besag, J. and York, J. and Mollie, A.},
  TITLE =        {Bayesian Image Restoration, with two Applications in Spatial Statistics},
  JOURNAL =      {Annals of the Institute of Statistical Mathematics},
  YEAR =         {1991},
  volume =       {43},
  pages =        {1-59}
}

@article{Lee2018,
   author = {Lee, D. and Rushworth, A. and Napier, G.},
   title = {Spatio-Temporal Areal Unit Modeling in R with Conditional Autoregressive Priors Using the CARBayesST Package},
   journal = {Journal of Statistical Software, Articles},
   volume = {84},
   number = {9},
   year = {2018},
   }

@article{Simpson2017,
author = {Daniel Simpson and Haavard Rue and Andrea Riebler and Thiago G. Martins and Sigrunn H. Sorbye},
title = {{Penalising Model Component Complexity: A Principled, Practical Approach to Constructing Priors}},
volume = {32},
journal = {Statistical Science},
number = {1},
publisher = {Institute of Mathematical Statistics},
pages = {1--28},
year = {2017}
}