

@article{Bakar2015,
    title = {{spTimer}: Spatio-Temporal Bayesian Modeling Using {R}},
    author = {Khandoker Shuvo Bakar and Sujit K. Sahu},
    journal = {Journal of Statistical Software},
    year = {2015},
    volume = {63},
    number = {15},
    pages = {1--32},
    url = {http://www.jstatsoft.org/v63/i15},
  }

@article{cameletti2013,
  title={Spatio-temporal modeling of particulate matter concentration through the SPDE approach},
  author={Cameletti, Michela and Lindgren, Finn and Simpson, Daniel and Rue, H{\aa}vard},
  journal={AStA Advances in Statistical Analysis},
  volume={97},
  pages={109--131},
  year={2013},
}

@book{Sahu2022,
  title={Bayesian modeling of spatio-temporal data with R},
  author={Sahu, Sujit K},
  year={2022},
  publisher={Chapman and Hall/CRC}
}

@article{Lindgren2011,
	author = {Lindgren, F. and Rue, H. and Lindstr{\"{o}}m, J.},
	year={2011},
	title = {An explicit link between {G}aussian fields and {G}aussian {M}arkov random fields: the stochastic partial differential equation approach (with discussion)},
	journal = {J. R. Statist. Soc. B},
	 volume = {73},
	 number = {4},
 	pages ={423-498},
}

@article{INLA09,
	author = {Rue, H. and Martino, S. and Chopin, N.},
	year={2009},
	title = {Approximate {B}ayesian inference for latent {G}aussian model by using integrated nested {L}aplace approximations (with discussion)},
	journal = {J. R. Statist. Soc. B},
	volume = {71},
	pages= {319--392}
}

