@book{blangiardo2015spatial,
  title={Spatial and spatio-temporal Bayesian models with R-INLA},
  author={Blangiardo, Marta and Cameletti, Michela},
  year={2015},
  publisher={John Wiley \& Sons}
}

@article{INLA:09,
  author = {Rue, H. and Martino, S. and Chopin, N.},
  year={2009},
  title = {Approximate {B}ayesian inference for latent {G}aussian model by using integrated nested {L}aplace approximations (with discussion)}, 
  journal = {J. R. Statist. Soc. B},
  volume = {71},
  pages= {319-392}
}

@ARTICLE{Martinsetal:2012,
  author = "Martins, T. G. and Simpson, D. and Lindgren, F. and Rue, H.",
  journal = "Computational Statistics \& Data Analysis",
  pages = "68-83",
  title = "{Bayesian computing with INLA: New features}",
  volume = "67",
  year = "2013"
}

@book{gomez2020bayesian,
  title={Bayesian inference with INLA},
  author={G{\'o}mez-Rubio, Virgilio},
  year={2020},
  publisher={CRC Press}
}


@article{gelman2006prior,
title={Prior distributions for variance parameters in hierarchical models},
author={Gelman, Andrew},
journal={Bayesian Analysis},
volume="1"",
number="3"",
pages="515-534",
year="2006"
}

@article{Richardson:2004,
	author = {Richardson, S. and Thomson, A. and Best, N. and Elliott, P.},
	title = {Interpreting posterior relative risk estimates in disease-mapping studies},
	journal = {Environmental Health Perspectives},
	volume = {112},
	number = {9},
	pages = {1016-1025},
	year = {2004}
}

@article{Riebler2016,
author = {Daniel Simpson and Haavard Rue and Andrea Riebler and Thiago G. Martins and Sigrunn H. Sorbye},
title = {{Penalising Model Component Complexity: A Principled, Practical Approach to Constructing Priors}},
volume = {32},
journal = {Statistical Science},
number = {1},
publisher = {Institute of Mathematical Statistics},
pages = {1 -- 28},
keywords = {Bayesian theory, disease mapping, hierarchical models, information geometry, interpretable prior distributions, prior on correlation matrices},
year = {2017},
doi = {10.1214/16-STS576},
URL = {https://doi.org/10.1214/16-STS576}
}

@Article{Besag,
	author = {Besag, J.},
	title = {Spatial interaction and the statistical analysis of lattice systems (with discussion)},
	journal = {J. R. Statist. Soc. B},
	year = {1974},
	volume = {36},
	number = {2},
	pages = {192-225},
}
