%Bibliography Chapter 4


@ARTICLE{Martinsetal:2012,
	author = "Martins, T. G. and Simpson, D. and Lindgren, F. and Rue, H.",
	journal = "Computational Statistics \& Data Analysis",
	pages = "68-83",
	title = "{Bayesian computing with INLA: New features}",
	volume = "67",
	year = "2013"
}



@book{Gelman:2003,
    author = {Gelman, A. and Carlin, J.B. and Stern, H.S. and Rubin, D.B.},
    publisher = {Chapman and Hall/CRC},
    title = {{Bayesian Data Analysis, Second Edition}},
    year = {2003}
}


@inproceedings{Plummer:2003,
    author = {Plummer, M.},
    booktitle = {Proceedings of the 3rd International Workshop on Distributed Statistical Computing},
    location = {Vienna, Austria},
    title = {{JAGS}: A program for analysis of {Bayesian} graphical models using {Gibbs} sampling},
    year = {2003}
}


@book{Banerjee:2004,
	Author = {Banerjee, S. and Carlin, B. and Gelfand, A.},
	Publisher = {Chapman and Hall},
	Title = {Hierarchical Modeling and Analysis for Spatial Data},
	Year = {2004}
}

@article{Jona:2012,
	year={2012},
	journal={Statistical Methods \& Applications},
	title={Discussing the ``big n problem''},
	author={Jona Lasinio, G. and Mastrantonio, G. and Pollice, A.},
	pages={1-16},
}


@book{Ntzoufras:2009,
    author = {Ntzoufras, Ioannis},
    publisher = {Wiley},
    title = {{Bayesian Modeling Using WinBUGS}},
    year = {2009}
}


@unpublished{BayesX:2012,
	author = {Belitz, C. and Brezger, A. and Kneib, T. and Lang, S. and Umlauf, N.},
	year={2012},
	title = {{BayesX - Software for Bayesian inference in structured additive regression model. Version 2.1}}, 
	note = {Available from \url{http://www.stat.uni-muenchen.de/~bayesx}},
}

@unpublished{BayesianCranView,
	author = {Park, J.H. and Martn, A.D. and Quinn, K.M.},
	year={2012},
	title = {\texttt{CRAN} Task View: Bayesian Inference}, 
	note = {\url{http://cran.r-project.org/web/views/Bayesian.html}},
}


@article{WinBUGS,
	author = {Lunn, D.J. and Thomas, A. and Best, N. and Spiegelhalter, D.},
	year={2000},
	title = {{WinBUGS -- a Bayesian modelling framework: concepts, structure, and extensibility}}, 
	journal = {Statistics and Computing},
	volume = {10},
	pages= {325-337}
}



@article{Geyer:1992,
     title = {{Practical Markov chain Monte Carlo}},
     author = {Geyer, Charles J.},
     journal = {Statistical Science},
     volume = {7},
     number = {4},
     pages = {pp. 473-483},
     year = {1992},
    }


 @Article{CODA:2006,
    title = {CODA: Convergence Diagnosis and Output Analysis for MCMC},
    author = {Martyn Plummer and Nicky Best and Kate Cowles and Karen
      Vines},
    journal = {R News},
    year = {2006},
    volume = {6},
    pages = {7--11},
    pdf = {http://CRAN.R-project.org/doc/Rnews/Rnews_2006-1.pdf},
  }

@article{Cowles:1996,
	author = {Cowles, M.K. and Carlin, B.P.},
	year={1996},
	title = {{Markov Chain Monte Carlo Convergence Diagnostics: A Comparative Review}}, 
	journal = {Journal of the American Statistical Association},
	volume = {91},
	pages= {883-904}
}



@BOOK{Casella:2002,
  AUTHOR =       {Casella, G. and Berger, R.L.},
  TITLE =        {{Statistical Inference}},
  PUBLISHER =    {Duxbury, Thomson Learning},
  YEAR =         {2002},
}


@BOOK{Ramsay:2005,
  AUTHOR =       {Ramsay, J. and Silverman, B.W.},
  TITLE =        {{Functional Data Analysis}},
  PUBLISHER =    {Springer},
  YEAR =         {2005},
}


@BOOK{VanBelle:2004,
  AUTHOR =       {Van Belle, G. and Fisher, L.D. and Heagerty, P.J. and Lumley, T.},
  TITLE =        {{Biostatistics: A Methodology for the Health Sciences}},
  PUBLISHER =    {Wiley},
  YEAR =         {2004},
}


@BOOK{RobertCasella:2004,
  AUTHOR =       {Robert, C.P. and Casella, G.},
  TITLE =        {Monte {C}arlo {S}tatistical {M}ethods},
  PUBLISHER =    {Springer},
  YEAR =         {2004},
}

@BOOK{Lange:2010,
  AUTHOR =       {Lange, K.},
  TITLE =        {Numerical {A}nalysis for {S}tatisticians},
  PUBLISHER =    {Springer},
  YEAR =         {2010},
}


@BOOK{Jackman:2009,
  AUTHOR =       {Jackman, S.},
  TITLE =        {Bayesian {A}nalysis for the {S}ocial {S}ciences},
  PUBLISHER =    {Wiley},
  YEAR =         {2009},
}


@BOOK{Gill:2002,
  AUTHOR =       {Gill, J.},
  TITLE =        {Bayesian {M}ethods. {A} {S}ocial and {B}ehavioral {S}ciences {A}pproach},
  PUBLISHER =    {Chapman \& Hall},
  YEAR =         {2002},
}

@BOOK{Press:2007,
  AUTHOR =       {Press, W.H. and Teukolsky, S.A. and Vetterling, W.T. and Flannery, B.P.},
  TITLE =        {Numerical {R}ecipes. {T}he {A}rt of {S}cientific {Computing}},
  PUBLISHER =    {Cambridge {U}niversity {P}ress},
  YEAR =         {2007},
}



@BOOK{Tanner:1993,
  AUTHOR =       {Tanner, M.A.},
  TITLE =        {Tools for {S}tatistical {I}nference.{M}ethods for the {E}xploration of {P}osterior {D}istribution and {L}ikelihood {F}unctions},
  PUBLISHER =    {Springer},
  YEAR =         {1993},
}


@BOOK{RobertCasella:2010,
  AUTHOR =       {Robert, C.P. and Casella, G.},
  TITLE =        {Introducing Monte {C}arlo {M}ethods with {R}},
  PUBLISHER =    {Springer},
  YEAR =         {2010},
}


@Book{HandbookMCMC:2011,
	editor = {Brooks, S. and Gelman, A. and Jones, G.L. and Meng, X.},
	title = {Handbook of {M}arkov {C}hain {M}onte {C}arlo},
	publisher = {CRC Press, Taylor \& Francis Group},
	year = {2011},
}

@Book{Ripley:1987,
	editor = {Ripley, B.D.},
	title = {Stochastic {S}imulation},
	publisher = {Wiley},
	year = {1987},
}

@Book{GMRF:2005,
	title = {Gaussian {M}arkov {R}andom {F}ields. Theory and {A}pplications},
	publisher = {Chapman \& Hall},
	year = {2005},
	Author = {Rue, H. and Held, L.}
}

@Book{Gentle:2009,
	title = {{Computational Statistics}},
	publisher = {Springer},
	year = {2009},
	Author = {Gentle, J.E.}
}

@Book{Carlin:2008,
	title = {{Bayesian Methods for Data Analysis}},
	publisher = {Chapman \& Hall},
	year = {2008},
	Author = {Carlin, B.P. and  Louis,T.A.}
}

@book{Hoff:2009,
  author = {Hoff, P.D},
  publisher = {Springer},
  title = {{A First Course in Bayesian Statistical Methods}},
  year = 2009
}

@book{Gilks:1996,
  author = {Gilks, W.R. and Richardson, S. and Spiegelhalter, DJ},
  publisher = {Chapman \& Hall/CRC},
  title = {{Markov chain Monte Carlo in practice}},
  year = 1996
}

@incollection{Held:2010,
    editor = {Kneib, Thomas and Tutz, Gerhard},
    booktitle = {Statistical Modelling and Regression Structures},
    author = {Held, L. and Schr\"{o}dle, B. and Rue, H.},
    pages = {91-110},
    publisher = {Physica-Verlag HD},
    title = {{Posterior and Cross-validatory Predictive Checks: A comparison of MCMC and INLA}},
    year = {2010}
}

@article{INLA:09,
	author = {Rue, H. and Martino, S. and Chopin, N.},
	year={2009},
	title = {Approximate {B}ayesian inference for latent {G}aussian model by using integrated nested {L}aplace approximations (with discussion)}, 
	journal = {J. R. Statist. Soc. B},
	volume = {71},
	pages= {319-392}
}


@article{INLA:07,
	author = {Rue, H. and Martino, S.},
	year={2007},
	title = {Approximate {B}ayesian inference for hierarchical {G}aussian {M}arkov random fields models}, 
	journal = {Journal of Statistical Planning and Inference},
	volume = {137},
	pages= {3177-3192}
}

@incollection {INLA:2010,
   author = {Martino, Sara and Rue, Håvard},
   title = {{Case studies in Bayesian computation using INLA}},
   booktitle = {Complex Data Modeling and Computationally Intensive Statistical Methods},
   series = {Contributions to Statistics},
   editor = {Mantovan, Pietro and Secchi, Piercesare},
   publisher = {Springer},
   pages = {99-114},
   year = {2010}
}

@Article{Besag,
	author = {Besag, J.},
	title = {Spatial interaction and the statistical analysis of lattice systems (with discussion)},
	journal = {J. R. Statist. Soc. B},
	year = {1974},
	volume = {36},
	number = {2},
	pages = {192-225},
}


@Article{Metropolis:1953,
	author = {Metropolis, N. and Rosenbluth, A. and Teller, A. and Teller, E},
	title = {Equation of state calculations by fast computing machines},
	journal = {Journal of Chemical Physics},
	year = {1953},
	volume = {21},
	number = {6},
	pages = {1087-1092},
}

@Article{Hastings:1970,
	author = {Hastings, W.},
	title = {Monte {C}arlo sampling methods using {M}arkov {C}hains and their application},
	journal = {Biometrika},
	year = {1970},
	volume = {57},
	pages = {97-109},
}

@Article{Geman:1984,
	author = {Geman, S. and Geman, D.},
	title = {Stochastic relaxation, {G}ibbs distributions and the {B}ayesian restoration of images},
	journal = {{IEEE} {T}ransactions on {P}attern {A}nalysis and {M}achine {I}ntelligence},
	year = {1984},
	volume = {6},
	pages = {721-741},
}

@Article{Gelfand:1990,
	author = {Gelfand, A.E. and Smith, A.F.M.},
	title = {Sampling-based {A}pproaches to {C}alculating {M}arginal {D}ensities},
	journal = {{J}ournal of the {A}merican {S}tatistical {A}ssociation},
	year = {1990},
	volume = {85},
	pages = {398-409},
}

@Article{Casella:1992,
	author = {Casella, G. and George, E.I.},
	title = {Explaining the {G}ibbs {S}ampler},
	journal = {The {A}merican {S}tatistician},
	year = {1992},
	volume = {46},
	pages = {167-174},
}

@Article{Robert:2011,
	author = {Robert, C. and Casella, G.},
	title = {A {S}hort {H}istory of {M}arkov {C}hain {M}onte {C}arlo: {S}ubjective {R}ecollections from {I}ncomplete {D}ata},
	journal = {Statistical {S}cience},
	year = {2011},
	volume = {26},
	pages = {102-115},
}


@Article{Chib:1995,
	author = {Chib, S. and Greenberg, E.},
	title = {{Understanding the {M}etropolis-{H}astings {A}lgorithm}},
	journal = {The {A}merican {S}tatistician},
	year = {1995},
	volume = {49},
	pages = {327-335},
}

@Article{Tierney:1986,
	author = {Tierney, L. and Kadane, J.B.},
	title = {Accurate {A}pproximations for {P}osterior {M}oments and {M}arginal {D}ensities},
	journal = {Journal of the {A}merican {S}tatistical {A}ssociation},
	year = {1986},
	volume = {81},
	pages = {82-86},
}

@article {Spiegelhalter:2002,
	author = {Spiegelhalter, David J. and Best, Nicola G. and Carlin, Bradley P. and Van Der Linde, Angelika},
	title = {Bayesian measures of model complexity and fit},
	journal = {Journal of the Royal Statistical Society: Series B (Statistical Methodology)},
	volume = {64},
	number = {4},
	pages = {583--639},
	year = {2002}
}

@article{Gelman:1996,
	author = {Gelman, A. and Meng,X. and Stern,H.},
	year={1996},
	title = {{Posterior Predictive Assessment of Model Fitness via Realized Discrepancies}}, 
	journal = {Statistica Sinica},
	volume = {6},
	pages= {733-807}
}

@article {Gneiting:2007,
	author = {Gneiting, Tilmann and Balabdaoui, Fadoua and Raftery, Adrian E.},
	title = {Probabilistic forecasts, calibration and sharpness},
	journal = {Journal of the Royal Statistical Society: Series B (Statistical Methodology)},
	volume = {69},
	number = {2},
	pages = {243--268},
	year = {2007},
}

@manual{Martino:2010,
	author={Martino, S. and Rue, H.},
	title={{Implementing Approximate Bayesian Inference using Integrated Nested Laplace Approximation: a manual for the \texttt{inla} program}},
	year={2010},
	url={http://www.math.ntnu.no/~hrue/GMRFsim/manual.pdf}
}
	
@ARTICLE{Besag:1991,
  AUTHOR =       {Besag, J. and York, J. and Mollie, A.},
  TITLE =        {Bayesian Image Restoration, with two Applications in Spatial Statistics},
  JOURNAL =      {Annals of the Institute of Statistical Mathematics},
  YEAR =         {1991},
  volume =       {43},
  pages =        {1-59},
}

@article{10.1214/16-STS576,
author = {Daniel Simpson and Håvard Rue and Andrea Riebler and Thiago G. Martins and Sigrunn H. Sørbye},
title = {{Penalising Model Component Complexity: A Principled, Practical Approach to Constructing Priors}},
volume = {32},
journal = {Statistical Science},
number = {1},
publisher = {Institute of Mathematical Statistics},
pages = {1 -- 28},
keywords = {Bayesian theory, disease mapping, hierarchical models, information geometry, interpretable prior distributions, prior on correlation matrices},
year = {2017},
doi = {10.1214/16-STS576},
URL = {https://doi.org/10.1214/16-STS576}
}

@article{Richardson:2004,
	author = {Richardson, S. and Thomson, A. and Best, N. and Elliott, P.},
	title = {Interpreting posterior relative risk estimates in disease-mapping studies},
	journal = {Environmental Health Perspectives},
	volume = {112},
	number = {9},
	pages = {1016-1025},
	year = {2004}
}

@article{gelman2006prior,
  title={Prior distributions for variance parameters in hierarchical models (comment on article by Browne and Draper)},
  author={Gelman, Andrew},
  journal={Bayesian analysis},
  volume={1},
  number={3},
  pages={515--534},
  year={2006},
  publisher={International Society for Bayesian Analysis}
}	
	
@article{watanabe2010asymptotic,
  title={Asymptotic equivalence of Bayes cross validation and widely applicable information criterion in singular learning theory.},
  author={Watanabe, Sumio and Opper, Manfred},
  journal={Journal of machine learning research},
  volume={11},
  number={12},
  year={2010}
}

@article{spiegelhalter2014deviance,
  title={The deviance information criterion: 12 years on},
  author={Spiegelhalter, David J and Best, Nicola G and Carlin, Bradley P and Van der Linde, Angelika},
  journal={Journal of the Royal Statistical Society: Series B (Statistical Methodology)},
  volume={76},
  number={3},
  pages={485--493},
  year={2014},
  publisher={Wiley Online Library}
}

@article{knorr2000bayesian,
  title={Bayesian modelling of inseparable space-time variation in disease risk},
  author={Knorr-Held, Leonhard},
  journal={Statistics in medicine},
  volume={19},
  number={17-18},
  pages={2555--2567},
  year={2000},
  publisher={Wiley Online Library}
}
	
	
@article{Lindgren:2011,
	author = {Lindgren, F. and Rue, H. and Lindstr{\"{o}}m, J.},
	year={2011},
	title = {An explicit link between {G}aussian fields and {G}aussian {M}arkov random fields: the stochastic partial differential equation approach (with discussion)},
	journal = {J. R. Statist. Soc. B},
	 volume =       {73},
	 number =       {4},
 	pages =        {423-498},
}


@book{Banerjee:2015_book,
	Address = {New York},
	Author = {Banerjee, S. and Carlin, B. and Gelfand, A.},
	Publisher = {Chapman and Hall},
	Series = {Monographs on Statistics and Applied Probability},
	Title = {Hierarchical Modeling and Analysis for Spatial Data},
	Year = {2015},
}


@article{inlabru,
author = {Bachl, Fabian E. and Lindgren, Finn and Borchers, David L. and Illian, Janine B.},
title = {inlabru: an R package for Bayesian spatial modelling from ecological survey data},
journal = {Methods in Ecology and Evolution},
volume = {10},
number = {6},
pages = {760-766},
year = {2019}
}


@article{SPDEJSS2015,
 title={Bayesian Spatial Modelling with R-INLA},
 volume={63},
 url={https://www.jstatsoft.org/index.php/jss/article/view/v063i19},
 doi={10.18637/jss.v063.i19},
 number={19},
 journal={Journal of Statistical Software},
 author={Lindgren, Finn and Rue, Havard},
 year={2015},
 pages={1-25}
}



@article{cameletti2013,
	author = {Cameletti, Michela and Lindgren, Finn and Simpson, Daniel and Rue, H{\aa}vard},
	journal = {AStA Advances in Statistical Analysis},
	number = {2},
	pages = {109--131},
	title = {Spatio-temporal modeling of particulate matter concentration through the SPDE approach},
	volume = {97},
	year = {2013}}
	
@article{FIORAVANTI2021,
title = {Spatio-temporal modelling of PM10 daily concentrations in Italy using the SPDE approach},
journal = {Atmospheric Environment},
volume = {248},
pages = {118192},
year = {2021},
doi = {https://doi.org/10.1016/j.atmosenv.2021.118192},
author = {Guido Fioravanti and Sara Martino and Michela Cameletti and Giorgio Cattani},
}	

@article{cameletti2011,
author = {Cameletti, Michela and Ignaccolo, Rosaria and Bande, Stefano},
title = {Comparing spatio-temporal models for particulate matter in Piemonte},
journal = {Environmetrics},
volume = {22},
number = {8},
pages = {985-996},
doi = {https://doi.org/10.1002/env.1139},
year = {2011}
}

@article{goicoa2018spatio,
  title={In spatio-temporal disease mapping models, identifiability constraints affect PQL and INLA results},
  author={Goicoa, T and Adin, A and Ugarte, MD and Hodges, JS},
  journal={Stochastic Environmental Research and Risk Assessment},
  volume={32},
  number={3},
  pages={749--770},
  year={2018},
  publisher={Springer}
}

@book{gomez2020bayesian,
  title={Bayesian inference with INLA},
  author={G{\'o}mez-Rubio, Virgilio},
  year={2020},
  publisher={CRC Press}
}


@article{LINDGREN2022,
title = {The SPDE approach for Gaussian and non-Gaussian fields: 10 years and still running},
journal = {Spatial Statistics},
volume = {50},
pages = {100599},
year = {2022},
doi = {https://doi.org/10.1016/j.spasta.2022.100599},
author = {Finn Lindgren and David Bolin and Haavard Rue}
}
