@book{banerjee2014,
  title={Hierarchical modeling and analysis for spatial data},
  author={Banerjee, Sudipto and Carlin, Bradley P and Gelfand, Alan E},
  year={2014},
  publisher={Chapman and Hall/CRC}
}

@book{Cressie1993,
    author  = {Noel Cressie},
    title   = {Statistics for Spatial Data},
    publisher = {John Wiley \& Sons, Inc},
    year    = {1993}
}

@article{hengl2009,
  title={A practical guide to geostatistical mapping},
  author={Hengl, Tomislav},
  year={2009},
  publisher={Hengl Amsterdam}
}

@article{Lindgren:2011,
	author = {Lindgren, F. and Rue, H. and Lindstr{\"{o}}m, J.},
	year={2011},
	title = {An explicit link between {G}aussian fields and {G}aussian {M}arkov random fields: the stochastic partial differential equation approach (with discussion)},
	journal = {J. R. Statist. Soc. B},
	 volume = {73},
	 number = {4},
 	pages ={423-498},
}

@book{Lovelace2019,
  title={Geocomputation with R},
  author={Lovelace, Robin and Nowosad, Jakub and Muenchow, Jannes},
  year={2019},
  publisher={Chapman and Hall/CRC}
}

@article{Martinsetal:2012,
	author = {Martins, T. G. and Simpson, D. and Lindgren, F. and Rue, H.},
	journal = {Computational Statistics \& Data Analysis},
	pages = {68--83},
	title = {Bayesian computing with INLA: New features},
	volume = {67},
	year = {2013}
}

@article{INLA:09,
	author = {Rue, H. and Martino, S. and Chopin, N.},
	year={2009},
	title = {Approximate {B}ayesian inference for latent {G}aussian model by using integrated nested {L}aplace approximations (with discussion)},
	journal = {J. R. Statist. Soc. B},
	volume = {71},
	pages= {319--392}
}

@book{gomez2020bayesian,
  title={Bayesian inference with INLA},
  author={G{\'o}mez-Rubio, Virgilio},
  year={2020},
  publisher={CRC Press}
}

@article{10.1214/16-STS576,
author = {Daniel Simpson and Haavard Rue and Andrea Riebler and Thiago G. Martins and Sigrunn H. Sorbye},
title = {{Penalising Model Component Complexity: A Principled, Practical Approach to Constructing Priors}},
volume = {32},
journal = {Statistical Science},
number = {1},
publisher = {Institute of Mathematical Statistics},
pages = {1--28},
year = {2017}
}