@book{Cressie1993,
    author  = {Noel Cressie},
    title   = {Statistics for Spatial Data},
    publisher = {John Wiley \& Sons, Inc},
    year    = {1993}
}

@book{blangiardo2015spatial,
  title={Spatial and spatio-temporal Bayesian models with R-INLA},
  author={Blangiardo, Marta and Cameletti, Michela},
  year={2015},
  publisher={John Wiley \& Sons}
}

@book{gomez2020bayesian,
  title={Bayesian inference with INLA},
  author={G{\'o}mez-Rubio, Virgilio},
  year={2020},
  publisher={CRC Press}
}

@book{Lovelace2019,
  title={Geocomputation with R},
  author={Lovelace, Robin and Nowosad, Jakub and Muenchow, Jannes},
  year={2019},
  publisher={Chapman and Hall/CRC}
}

@article{Martinsetal:2012,
	author = {Martins, T. G. and Simpson, D. and Lindgren, F. and Rue, H.},
	journal = {Computational Statistics \& Data Analysis},
	pages = {68--83},
	title = {Bayesian computing with INLA: New features},
	volume = {67},
	year = {2013}
}

@article{INLA:09,
	author = {Rue, H. and Martino, S. and Chopin, N.},
	year={2009},
	title = {Approximate {B}ayesian inference for latent {G}aussian model by using integrated nested {L}aplace approximations (with discussion)},
	journal = {J. R. Statist. Soc. B},
	volume = {71},
	pages= {319--392}
}

@book{johnson2022bayes,
  title={Bayes Rules!: An Introduction to Applied Bayesian Modeling},
  author={Johnson, Alicia A and Ott, Miles Q and Dogucu, Mine},
  year={2022},
  publisher={CRC Press}
}

@article{belenky2003patterns,
  title={Patterns of performance degradation and restoration during sleep restriction and subsequent recovery: A sleep dose-response study},
  author={Belenky, Gregory and Wesensten, Nancy J and Thorne, David R and Thomas, Maria L and Sing, Helen C and Redmond, Daniel P and Russo, Michael B and Balkin, Thomas J},
  journal={Journal of sleep research},
  volume={12},
  number={1},
  pages={1--12},
  year={2003},
}


@article{wood2004missing,
  title={Are missing outcome data adequately handled? A review of published randomized controlled trials in major medical journals},
  author={Wood, Angela M and White, Ian R and Thompson, Simon G},
  journal={Clinical trials},
  volume={1},
  number={4},
  pages={368--376},
  year={2004},
}

@article{sterne2009multiple,
  title={Multiple imputation for missing data in epidemiological and clinical research: potential and pitfalls},
  author={Sterne, Jonathan AC and White, Ian R and Carlin, John B and Spratt, Michael and Royston, Patrick and Kenward, Michael G and Wood, Angela M and Carpenter, James R},
  journal={BMJ},
  volume={338},
  year={2009},
}

@article{gomez2022missing,
  title={Missing data analysis and imputation via latent Gaussian Markov random fields},
  author={G{\'o}mez-Rubio, Virgilio and Cameletti, Michela and Blangiardo, Marta},
  journal={SORT-Statistics and Operations Research Transactions},
  pages={217--244},
  year={2022}
}

@article{schonbeck2013world,
  title={The worldâ€™s tallest nation has stopped growing taller: the height of Dutch children from 1955 to 2009},
  author={Sch{\"o}nbeck, Yvonne and Talma, Henk and Van Dommelen, Paula and Bakker, Boudewijn and Buitendijk, Simone E and HiraSing, Remy A and Van Buuren, Stef},
  journal={Pediatric Research},
  volume={73},
  number={3},
  pages={371--377},
  year={2013},
}

@article{van2011mice,
  title={mice: Multivariate imputation by chained equations in R},
  author={Van Buuren, Stef and Groothuis-Oudshoorn, Karin},
  journal={Journal of Statistical Software},
  volume={45},
  pages={1--67},
  year={2011}
}


