@book{xie2020r,
  title={R markdown cookbook},
  author={Xie, Yihui and Dervieux, Christophe and Riederer, Emily},
  year={2020},
  publisher={Chapman and Hall/CRC}
}

