@book{Cressie1993,
    author  = {Noel Cressie},
    title   = {Statistics for Spatial Data},
    publisher = {John Wiley \& Sons, Inc},
    year    = {1993}
}

@book{Lovelace2019,
  title={Geocomputation with R},
  author={Lovelace, Robin and Nowosad, Jakub and Muenchow, Jannes},
  year={2019},
  publisher={Chapman and Hall/CRC}
}


