
@Manual{R-base,
title = {R: A Language and Environment for Statistical Computing},
author = {{R Core Team}},
organization = {R Foundation for Statistical Computing},
address = {Vienna, Austria},
year = {2022},
url = {https://www.R-project.org/},
}


@article{Diggle2002,
   author = {Diggle, P. and Moyeed, R. and  Rowlingson, B. and  Thomson, M.},
   title = {Childhood malaria in the Gambia: a case study in model-based geostatistics},
   journal = {Applied Statistics},
   volume = {51},
   pages = {493--506},
   year = {2018},
   }

@article{geoR,
       title  = {{geoR}: a package for geostatistical analysis},
       author = {Ribeiro Jr., P.J. and Diggle, P.J.},
       journal = {R-NEWS},
       year = {2001},
       volume = {1},
       number = {2},
       pages  = {15--18},
     }
