@book{singer2003,
  title={Applied longitudinal data analysis: Modeling change and event occurrence},
  author={Singer, Judith D and Willett, John B},
  year={2003},
  publisher={Oxford university press}
}

@book{wang2018,
  title={Bayesian regression modeling with INLA},
  author={Wang, Xiaofeng and Yue, Yuryan and Faraway, Julian J},
  year={2018},
  publisher={Chapman and Hall/CRC}
}