@book{blangiardo2015spatial,
  title={Spatial and spatio-temporal Bayesian models with R-INLA},
  author={Blangiardo, Marta and Cameletti, Michela},
  year={2015},
  publisher={John Wiley \& Sons}
}

@article{INLA:09,
  author = {Rue, H. and Martino, S. and Chopin, N.},
  year={2009},
  title = {Approximate {B}ayesian inference for latent {G}aussian model by using integrated nested {L}aplace approximations (with discussion)}, 
  journal = {J. R. Statist. Soc. B},
  volume = {71},
  pages= {319-392}
}

@ARTICLE{Martinsetal:2012,
  author = "Martins, T. G. and Simpson, D. and Lindgren, F. and Rue, H.",
  journal = "Computational Statistics \& Data Analysis",
  pages = "68-83",
  title = "{Bayesian computing with INLA: New features}",
  volume = "67",
  year = "2013"
}

@book{gomez2020bayesian,
  title={Bayesian inference with INLA},
  author={G{\'o}mez-Rubio, Virgilio},
  year={2020},
  publisher={CRC Press}
}


