

@article{Bakar2015,
    title = {{spTimer}: Spatio-Temporal Bayesian Modeling Using {R}},
    author = {Khandoker Shuvo Bakar and Sujit K. Sahu},
    journal = {Journal of Statistical Software},
    year = {2015},
    volume = {63},
    number = {15},
    pages = {1--32},
    url = {http://www.jstatsoft.org/v63/i15},
  }

@article{cameletti2013,
  title={Spatio-temporal modeling of particulate matter concentration through the SPDE approach},
  author={Cameletti, Michela and Lindgren, Finn and Simpson, Daniel and Rue, H{\aa}vard},
  journal={AStA Advances in Statistical Analysis},
  volume={97},
  pages={109--131},
  year={2013},
}

@book{Sahu2022,
  title={Bayesian modeling of spatio-temporal data with R},
  author={Sahu, Sujit K},
  year={2022},
  publisher={Chapman and Hall/CRC}
}

