@article{kontopantelis2015regression,
  title={Regression based quasi-experimental approach when randomisation is not an option: interrupted time series analysis},
  author={Kontopantelis, Evangelos and Doran, Tim and Springate, David A and Buchan, Iain and Reeves, David},
  journal={bmj},
  volume={350},
  pages={h2750},
  year={2015},
  publisher={British Medical Journal Publishing Group},
}

@article{freni2018,
  title={Bayesian spatial modelling for quasi-experimental designs: a time series study of Municipal Waste Incinerator effects on birth outcomes},
  author={Freni-STerrantino, Anna and Ghosh, Rebecca and Fecht, Daniela and Toledano, Mireille and Elliott, Paul and Blangiardo, Marta},
  journal={arxiv},
  }

@article{brodersen2015inferring,
  title={Inferring causal impact using Bayesian structural time-series models},
  author={Brodersen, Kay H and Gallusser, Fabian and Koehler, Jim and Remy, Nicolas and Scott, Steven L and others},
  journal={The Annals of Applied Statistics},
  volume={9},
  number={1},
  pages={247--274},
  year={2015},
  publisher={Institute of Mathematical Statistics},
}

@article{freni2017note,
  title={A note on intrinsic Conditional Autoregressive models for disconnected graphs},
  author={Freni-Sterrantino, Anna and Ventrucci, Massimo and Rue, H{\aa}vard},
  journal={SSTE (accepted for publication)},
  year={2018},
}

@article{tonne2008air,
  title={Air pollution and mortality benefits of the London Congestion Charge: spatial and socioeconomic inequalities},
  author={Tonne, Cathryn and Beevers, Sean and Armstrong, Ben and Kelly, Frank and Wilkinson, Paul},
  journal={Occupational and Environmental Medicine},
  volume={65},
  number={9},
  pages={620--627},
  year={2008},
  publisher={BMJ Publishing Group Ltd},
}

@article{sofer2016negative,
  title={On negative outcome control of unobserved confounding as a generalization of difference-in-differences},
  author={Sofer, Tamar and Richardson, David B and Colicino, Elena and Schwartz, Joel and Tchetgen, Eric J Tchetgen},
  journal={Statistical science: a review journal of the Institute of Mathematical Statistics},
  volume={31},
  number={3},
  pages={348},
  year={2016},
  publisher={NIH Public Access},
}