@book{Cressie1993,
    author  = {Noel Cressie},
    title   = {Statistics for Spatial Data},
    publisher = {John Wiley \& Sons, Inc},
    year    = {1993}
}

@book{blangiardo2015spatial,
  title={Spatial and spatio-temporal Bayesian models with R-INLA},
  author={Blangiardo, Marta and Cameletti, Michela},
  year={2015},
  publisher={John Wiley \& Sons}
}

@book{gomez2020bayesian,
  title={Bayesian inference with INLA},
  author={G{\'o}mez-Rubio, Virgilio},
  year={2020},
  publisher={CRC Press}
}

@book{Lovelace2019,
  title={Geocomputation with R},
  author={Lovelace, Robin and Nowosad, Jakub and Muenchow, Jannes},
  year={2019},
  publisher={Chapman and Hall/CRC}
}

@article{Martinsetal:2012,
	author = {Martins, T. G. and Simpson, D. and Lindgren, F. and Rue, H.},
	journal = {Computational Statistics \& Data Analysis},
	pages = {68--83},
	title = {Bayesian computing with INLA: New features},
	volume = {67},
	year = {2013}
}

@article{INLA:09,
	author = {Rue, H. and Martino, S. and Chopin, N.},
	year={2009},
	title = {Approximate {B}ayesian inference for latent {G}aussian model by using integrated nested {L}aplace approximations (with discussion)},
	journal = {J. R. Statist. Soc. B},
	volume = {71},
	pages= {319--392}
}

@book{johnson2022bayes,
  title={Bayes Rules!: An Introduction to Applied Bayesian Modeling},
  author={Johnson, Alicia A and Ott, Miles Q and Dogucu, Mine},
  year={2022},
  publisher={CRC Press}
}

@article{watanabe2010asymptotic,
  title={Asymptotic equivalence of Bayes cross validation and widely applicable information criterion in singular learning theory},
  author={Watanabe, Sumio and Opper, Manfred},
  journal={Journal of machine learning research},
  volume={11},
  number={12},
  year={2010}
}

@article{spiegelhalter2014deviance,
  title={The deviance information criterion: 12 years on},
  author={Spiegelhalter, David J and Best, Nicola G and Carlin, Bradley P and Van der Linde, Angelika},
  journal={Journal of the Royal Statistical Society: Series B (Statistical Methodology)},
  volume={76},
  number={3},
  pages={485--493},
  year={2014},
  publisher={Wiley Online Library}
}

@article{schonbeck2013world,
  title={The worldâ€™s tallest nation has stopped growing taller: the height of Dutch children from 1955 to 2009},
  author={Sch{\"o}nbeck, Yvonne and Talma, Henk and Van Dommelen, Paula and Bakker, Boudewijn and Buitendijk, Simone E and HiraSing, Remy A and Van Buuren, Stef},
  journal={Pediatric research},
  volume={73},
  number={3},
  pages={371--377},
  year={2013}
}


@article{gelman2006prior,
  title={Prior distributions for variance parameters in hierarchical models (comment on article by Browne and Draper)},
  author={Gelman, Andrew},
  journal={Bayesian analysis},
  volume={1},
  number={3},
  pages={515--534},
  year={2006},
  publisher={International Society for Bayesian Analysis}
}
