@book{Cressie1993,
    author  = {Noel Cressie},
    title   = {Statistics for Spatial Data},
    publisher = {John Wiley \& Sons, Inc},
    year    = {1993}
}

@book{blangiardo2015spatial,
  title={Spatial and spatio-temporal Bayesian models with R-INLA},
  author={Blangiardo, Marta and Cameletti, Michela},
  year={2015},
  publisher={John Wiley \& Sons}
}

@book{gomez2020bayesian,
  title={Bayesian inference with INLA},
  author={G{\'o}mez-Rubio, Virgilio},
  year={2020},
  publisher={CRC Press}
}

@book{Lovelace2019,
  title={Geocomputation with R},
  author={Lovelace, Robin and Nowosad, Jakub and Muenchow, Jannes},
  year={2019},
  publisher={Chapman and Hall/CRC}
}

@article{Martinsetal:2012,
	author = {Martins, T. G. and Simpson, D. and Lindgren, F. and Rue, H.},
	journal = {Computational Statistics \& Data Analysis},
	pages = {68--83},
	title = {Bayesian computing with INLA: New features},
	volume = {67},
	year = {2013}
}

@article{INLA:09,
	author = {Rue, H. and Martino, S. and Chopin, N.},
	year={2009},
	title = {Approximate {B}ayesian inference for latent {G}aussian model by using integrated nested {L}aplace approximations (with discussion)},
	journal = {J. R. Statist. Soc. B},
	volume = {71},
	pages= {319--392}
}

@book{johnson2022bayes,
  title={Bayes Rules!: An Introduction to Applied Bayesian Modeling},
  author={Johnson, Alicia A and Ott, Miles Q and Dogucu, Mine},
  year={2022},
  publisher={CRC Press}
}
