@Manual{R-base,
title = {R: A Language and Environment for Statistical Computing},
author = {{R Core Team}},
organization = {R Foundation for Statistical Computing},
address = {Vienna, Austria},
year = {2021},
url = {https://www.R-project.org/},
}

@Book{Waller_2004,
author  = {Waller, L. A. and Gotway, C. A.},
title   = {Applied Spatial Statistics for Public Health Data},
publisher = {John Wiley \& Sons},
year    = {2004},
edition  = {}
}

@Book{Wilkinson_2005,
author  = {Wilkinson, L. and Wills, G.},
title   = {The Grammar of Graphics},
publisher = {Springer Science + Business Media},
year    = {2005},
edition  = {},
}

@article{nimble, 
  author = {{de Valpine}, P. and Turek, D. and Paciorek, C.J. and Anderson-Bergman, C. and {Temple Lang}, D. and Bodik, R.}, 
  title = {Programming with models: writing statistical algorithms for general model structures with {NIMBLE}},
  year = {2017}, 
  journal = {Journal of Computational and Graphical Statistics},
  volume = 26,
  pages = {403-417},
  doi = {10.1080/10618600.2016.1172487}
}