@book{Banerjee2014,
    author  = {Banerjee, S. and Carlin, B. P. and Gelfand, A. E.},
    title   = {Hierarchical Modeling and Analysis for Spatial Data},
    publisher = {Chapman \& Hall/CRC},
    year    = {2014},
     edition  = {2nd},
}

@article{Best2001,
    author  = {Best, N.G. and Cockings, S. and  Bennett, J. and  Wakefield, J. and  Elliott, P.},
    title   = {Ecological regression analysis of environmental benzene exposure and childhood leukemia:
sensitivity to data inaccuracies, geographical scale and ecological bias},
    year    = {2001},
    journal = {JRSSA},
    volume  = {164},
    pages   = {155--174},
}


@book{Bivand2013,
    author  = {Bivand, R. S. and Pebesma, E. J. and G\'{o}mez-Rubio, V.},
    title   = {Applied Spatial Data Analysis with R.},
    publisher = {Springer},
    year    = {2013},
    edition  = {2nd}
    }

@book{Brunsdon2019,
    author  = {Brunsdon, C. and Comber, L.},
    title   = {An Introduction to R for Spatial Analysis & Mapping},
    publisher = {Sage},
    year    = {2019},
    edition  = {2nd}
    }

@book{Cressie1993,
    author  = {Noel Cressie},
    title   = {Statistics for Spatial Data},
    publisher = {John Wiley \& Sons, Inc},
    year    = {1993},
}

@book{Cressie2011,
    author  = {Cressie, N. and Wikle, C. K.},
    title   = {Statistics for Spatio-Temporal Data},
    publisher = {John Wiley},
    year    = {2011},
}

@book{Diggle2007,
    author  = {Diggle, P. J. and Ribeiro, P. J. Jnr},
    title   = {Model-based Geostatistics},
    publisher = {Springer},
    year    = {2007},
    }

@book{Diggle2014,
    author  = {Diggle, P. J.},
    title   = {Statistical analysis of spatio and spatio-temporal point patterns},
    publisher = {CRC Press},
    year    = {2014},
    edition  = {3rd},
    }

@book{Dorman2014,
    author  = {Dorman, M.},
    title   = {Learning R for Geospatial Analysis},
    publisher = {Packt Publishing},
    year    = {2014},
    }

@book{Lovelace2019,
    author  = {Lovelace, R. and Nowosad, J. and Muenchow, J.},
    title   = {Geocomputation with R},
    publisher = {CRC Press},
    year    = {2019},
    note = {The online version of the book is at http://geocompr.robinlovelace.net/},
    }

@book{Haining2003,
    author  = {Haining, Robert},
    title   = {Spatial Data Analysis: Theory and Practice},
    publisher = {Cambridge University Press},
    year    = {2003},
}


@book{Lawson2016,
    author  = {Lawson, A. B. and Banjeree, S. and Haining, R. P. and Hugarte, M. D.},
    title   = {Handbook of Spatial Epidemiology},
    publisher = {Chapman and Hall/CRC},
    year    = {2016},
}

@book{Lawson2018,
    author  = {Lawson, A. B.},
    title   = {Bayesian Disease Mapping: Hierarchical Modeling in Spatial Epidemiology},
    publisher = {Chapman and Hall/CRC},
    year    = {2018},
    edition  = {3rd},
    }

@incollection{Lawson2016,
author = {Lawson, A. B. and Choi, J.},
title = {Spatiotemporal disease mapping},
Editor = {Andrew B. Lawson and Sudipto Banerjee and Robert P. Haining and Maria Dolores Ugarte},
Publisher = {CRC Press},
booktitle = {Handbook of Spatial Epidemiology},
Year = {2016},
pages = {335--348},
}

@book{Moraga2019,
    author  = {Moraga, P. },
    title   = {Geospatial Health Data: Modeling and Visualization with R-INLA and Shiny },
    publisher = {CRC press},
    year    = {2019},
    }

@book{Oyana2015,
    author  = {Oyana, T. J. and Morgai, F. },
    title   = {Spatial Analysis: Statistics, Visualization, and Computational Methods},
    publisher = {CRC press},
    year    = {2015},
    }


@article{Pebesma2018,
    author  = {Pebesma, Edzer},
    title   = {Simple Features for R: Standardized Support for Spatial Vector Data},
    year    = {2018},
    journal = {The R Journal},
    volume  = {10},
    pages   = {2073--4859},
    note    = {https://journal.r-project.org/archive/2018/RJ-2018-009/RJ-2018-009.pdf},
}

@article{Pirani2014,
author = {M. Pirani and J. Gulliver and {G. W.} Fuller and M. Blangiardo},
title = {Bayesian spatiotemporal modelling for the assessment of short-term exposure to particle pollution in urban areas},
year = {2014},
volume = {24},
pages = {319--327},
journal = {Journal of Exposure Science and Environmental Epidemiology},
}

@book{Schabenberger2004,
    author  = {Schabenberger, O. and Gotway, C. A. },
    title   = {Statistical Methods for Spatial Data Analysis},
    publisher = {Chapman and Hall/CRC},
    year    = {2004},
    }


@book{Wikle2019,
    author  = {Wikle, C. K. and Zammit-Mangion, A. and Cressie, N.},
    title   = {Spatio-Temporal Statistic with R},
    publisher = {Chapman and Hall/CRC},
    year    = {2019},
    }


@article{Tobler1970,
    author  = {Tobler, W. R.},
    title   = {A computer movie simulating urban growth in the Detroit Region},
    year    = {1970},
    journal = {Economic Geography},
    volume  = {46},
    pages   = {234--240},
}
