
@article{Lindgren2011,
	author = {Lindgren, F. and Rue, H. and Lindstr{\"{o}}m, J.},
	year={2011},
	title = {An explicit link between {G}aussian fields and {G}aussian {M}arkov random fields: the stochastic partial differential equation approach (with discussion)},
	journal = {J. R. Statist. Soc. B},
	 volume = {73},
	 number = {4},
 	pages ={423-498},
}



