@article{Austin2011,
author = {P. A. Austin},
title = {An introduction to propensity score methods for reducing the effects of confounding in observational studies},
journal = {Multivariate Behavioral Research},
volume = {88},
pages = {399--424},
year = {2011},
}

@article{Marshall:2004,
author = {Marshall, C.and Best, N. and Bottle, A. and Aylin, P.},
title = {Statistical Issues in the Prospective Monitoring of Health Outcomes across Multiple Units},
journal = {JRSSA},
volume = {167},
pages = {541--559},
year = {2004},
}

@Article{Williams:2014,
author = {Williams, M and  Atkinson, R and Anderson, R and Kelly, F},
title = {Associations between daily mortality in London and combined oxidant capacity, ozone and nitrogen dioxide},
journal = {Air Quality, Atmosphere and Health},
year = {2014},
volume = {7},
pages = {407-414},
}

@article{diggle2007overview,
  title={An overview of model-based geostatistics},
  author={Diggle, Peter J and Ribeiro, Paulo J},
  journal={Model-based Geostatistics},
  pages={27--45},
  year={2007},
  publisher={Springer}
}


@article{Gelfand2003,
author = {A. E. Gelfand and P. Vounatsou},
title = {Proper multivariate conditional autoregressive models for spatial data analysis},
journal = {Biostatistics},
volume = {4},
pages = {11--25},
year = {2003},
}

@article{Mccandless2012,
author = {L. C. McCandless and S. Richardson  and N. Best},
title = {Adjustment for missing confounders using external validation data and propensity scores},
journal = {Journal of the American Statistical Association},
volume = {4},
pages = {40--51},
year = {2012},
}


@article{Rosenbaum1983,
 author = {Paul R. Rosenbaum and Donald B. Rubin},
 journal = {Biometrika},
 pages = {41--55},
 title = {The central role of the propensity score in observational studies for causal effects},
 volume = {70},
 year = {1983}
}

@article{Wang2017,
author = {Y. Wang and M. Pirani and A. Hansell and S. Richardson and M. Blangiardo},
title = {Using ecological propensity score to adjust for missing confounders in small area studies},
journal = {Biostatistics submitted},
volume = {https://arxiv.org/abs/1605.00814},
pages = {},
year = {2017},
}

@article{Westreich2010,
author = {D. Westreich and J. Lessler and M. J. Funk},
title = {Propensity score estimation: machine learning and classification methods as alternatives to logistic regression},
journal = {Journal of Clinical Epidemiology},
volume = {63},
pages = {826--833},
year = {2010},
}


@article{atkinson2010,
    author  = {Richard W. Atkinson and Gary W. Fuller and Ross H. Anderson and Roy M. Harrison and Ben Armstrong},
    title   = {Urban ambient particle metrics and health: a time-series analysis},
    year    = {2010},
    journal = {Epidemiology},
    volume  = {21},
    pages   = {501--511}
}

@article{PIRANI201556,
title = "Analysing the health effects of simultaneous exposure to physical and chemical properties of airborne particles",
journal = "Environment International",
volume = "79",
number = "Supplement C",
pages = "56 - 64",
year = "2015",
author = "Monica Pirani and Nicky Best and Marta Blangiardo and Silvia Liverani and Richard W. Atkinson and Gary W. Fuller",
}


@article{austin2012,
    author  = {Elena Austin and Brent Coull and Dylan Thomas and Petros Koutrakis},
    title   = {A framework for identifying distinct multipollutant profiles in air pollution data},
    year    = {2012},
    journal = {Environment International},
    volume  = {45},
    pages   = {112--121}
}

@article{bell2004,
    author  = {Michelle L. Bell and Jonathan M. Samet and Francesca Dominici},
    title   = {Time-series studies of particulate matter},
    year    = {2004},
    journal = {Annual Review of Public Health},
    volume  = {25},
    pages   = {247--280}
}

@article{bhaskaran2013,
    author  = {Krishnan Bhaskaran and Antonio Gasparrini and Shakoor Hajat and Liam Smeeth and Ben Armstrong},
    title   = {Time series regression studies in environmental epidemiology},
    year    = {2013},
    journal = {International Journal of Epidemiology},
    volume  = {42},
    pages   = {1187--1195}
}

@Article{Atkinson:2016,
author = {Atkinson, R and Analitis, A and Samoli, E and Fuller, G and Green, D and Mudway, I and Anderson, H et al.},
title = {Short-term exposure to traffic-related air pollution and daily
mortality in London, UK},
journal = {Journal of Exposure Science and Environmental Epidemiology},
year = {2016},
volume = {26},
pages = {125-132},
}




@article{eilers1996,
    author = {P. Eilers and B. Marx},
    title = {Flexible smoothing using B-splines and penalized likelihood (with comments and rejoinder)},
    journal = {Statistical Science},
    year = {1996},
    volume = {11},
    pages = {89--121}
}

@article{escobar1995,
    author = {Michael D. Escobar and Mike West},
    title = {Bayesian density estimation and inference using mixtures},
    journal = {Journal of the American Statistical Association},
    year = {1995},
    volume = {90},
    pages = {577--588}
}

@article{ferguson1973,
    author  = {T. Ferguson},
    title   = {A {Bayesian} analysis of some non-parametric problems},
    year    = {1973},
    journal = {The Annals of Statistics},
    volume  = {1},
    pages   = {209--230}
}

@article{forouzanfar2015,
    author  = {Mohammad H. Forouzanfar and {the GBD 2013 Risk Factors Collaborators}},
    title   = {Global, regional, and national comparative risk assessment of 79 behavioural, environmental and occupational, and metabolic risks or clusters of risks in 188 countries, 1990-2013: a systematic analysis for the Global Burden of Disease Study 2013},
    year    = {2015},
    journal = {The Lancet},
    volume  = {386},
    pages   = {2287--2323}
}

@article{fraley2002,
    author  = {C. Fraley and A. E. Raftery},
    title   = {Model-based clustering, discriminant analysis, and density estimation},
    year    = {2002},
    journal = {Journal of the American Statistical Association},
    volume  = {97},
    pages   = {611--631}
}


@article{kxs005,
author = {Li, G. and Best, N. and Hansell, A. and Ahmed, I. and Richardson, Sl.},
title = {BaySTDetect: detecting unusual temporal patterns in small area data via Bayesian model choice},
journal = {Biostatistics},
volume = {13},
number = {4},
pages = {695-710},
year = {2012}
}

@article{fruhwirth2008,
    author = {Sylvia Fr\"{u}hwirth-Schnatter and Sylvia Kaufmann},
    title = {Model-based clustering of multiple time series},
    year = {2008},
    journal = {Journal of Business \& Economic Statistics},
    volume  = {26},
    pages = {78--89}
}

@misc{ghahramani2005,
    author    = {Z. Ghahramani},
    title     = {Non-parametric Bayesian Methods. Uncertainty in Artificial Intelligence - Tutorial July 2005},
    year      ={2005},
    howpublished    = {\url{http://mlg.eng.cam.ac.uk/zoubin/talks/uai05tutorial-b.pdf}},
    note    ={Last accessed date 27 August 2015},
}

@techreport{hei2010,
    author  = {HEI},
    title   = {Traffic-related air pollution. A critical review of the literature on emission, exposure, and health effects},
    year    = {2010},
    institution = {Health Effect Institute Special Report},
    number  = {17},
    address = {Boston, MA}
}

@Book{molitor2016,
author = {John Molitor and  Eric Coker and Michael Jerrett and Beate Ritz and Arthur Li},
title = {Modeling of Multipollutant Profiles and Spatially Varying Health Effects with Applications to Indicators of Adverse Birth Outcomes},
publisher = {Health Effects Institute},
year = {2016},
note={{R}esearch Report 183 - III},
address = {Boston, MA},
}

@Book{cull2015,
author = {Brent A Coull and Eun Sug Park},
title = {Development of Statistical Methods for Multipollutant Research},
publisher = {Health Effects Institute},
year = {2015},
note={{R}esearch Report 183 - I \& II},
address = {Boston, MA},
}


@book{iarc2013,
    author  = {{IARC}},
    title   = { IARC monographs on the evaluation of carcinogenic risks to humans. Volume 109. Outdoor air pollution},
    publisher= {International Agency for Research on Cancer},
    address = {Lyon, France},
    year    = {2013},
}


@article{liverani2015,
    author = {S. Liverani and D. I. Hastie and L. Azizi and M. Papathomas and S. Richardson},
    title = {{PReMiuM}: an {R} package for profile regression mixture models using {Dirichlet} processes},
    year = {2015},
    journal = {Journal for Statistical Software},
    volume  = {64},
    pages = {1-30},
}

@article{loomis2013,
    author = {D. Loomis and Y. Grosse and B. Lauby-Secretan and F. {El Ghissassi} and V. Bouvard and L. Benbrahim-Tallaa and N. Guha and R. Baan and H. Mattock and K. Straif and {on behalf of the International Agency for Research on Cancer Monograph Working Group IARC}},
    title = {The carcinogenicity of outdoor air pollution},
    year = {2013},
    journal = {The Lancet Oncology},
    volume  = {14},
    pages = {1262--1263}
}
@book{mclachlan2000,
    author  = {G. J. McLachlan and D. Peel},
    title   = {Finite Mixture Models},
    publisher = {John Wiley \& Sons, Inc},
    year    = {2000}
}

@inbook{mclachlan2010,
    author = {G. J. McLachlan and J. Baek},
    title = {Clustering of high-dimensional data via finite mixture models},
    booktitle = {In Advances in Data Analysis, Data Handling and Business Intelligence},
    year = {2010},
    pages = {33--44},
    editor = {A. Fink and B. Lausen and W. Seidel and A. Ultsch},
    publisher = {Springer-Verlag}
}


@article{molitor2010,
    author  = {J. Molitor and M. Papathomas and M. Jerrett and S. Richardson},
    title   = {Bayesian profile regression with an application to the National Survey of Children's Health},
    year    = {2010},
    journal = {Biostatistics},
    volume  = {11},
    pages   = {484-498}
}

@article{neal2000,
    author  = {Radford M. Neal},
    title   = {Markov chain sampling methods for {Dirichlet} process mixture models},
    year    = {2000},
    journal = {Journal of Computational and Graphical Statistics},
    volume  = {9},
    pages   = {249-265}
}

@article{samoli2003investigating,
  title={Investigating the dose-response relation between air pollution and total mortality in the APHEA-2 multicity project},
  author={Samoli, Evangelia and Touloumi, Giota and Zanobetti, Antonella and Le Tertre, Alain and Schindler, Chr and Atkinson, Richard and Vonk, Judith and Rossi, Giuseppe and Saez, Marc and Rabczenko, Daniel and others},
  journal={Occupational and environmental medicine},
  volume={60},
  number={12},
  pages={977--982},
  year={2003},
  publisher={BMJ Publishing Group Ltd}
}

@article{griffiths2011indian,
  title={The Indian Buffet Process: An Introduction and Review.},
  author={Griffiths, Thomas L and Ghahramani, Zoubin},
  journal={Journal of Machine Learning Research},
  volume={12},
  number={4},
  year={2011}
}

@article{ghahramani2005infinite,
  title={Infinite latent feature models and the Indian buffet process},
  author={Ghahramani, Zoubin and Griffiths, Thomas},
  journal={Advances in neural information processing systems},
  volume={18},
  year={2005}
}

